@String{ActaPsychol 	= {Acta Psychol}}
@string{AnimBehav       = {Anim Behav}}
@string{AnnInstStatMath = {Ann Inst Stat Math}}
@string{AnnMathStats    = {Ann Math Stats}}
@string{AnnuRevPsychol  = {Annu Rev Psychol}}
@string{annrevpsych     = {Annu Rev Psychol}}
@string{AnnuRevNeurosci = {Annu Rev Neurosci}}
@string{annrevneuro     = {Annu Rev Neurosci}}
@string{ArchItalBiol    = {Arch Ital Biol}}
@string{ArtifIntell     = {Artif Intell}}
@string{aro             = {Assoc Res Otolaryngol Abs}}
@string{AudiolNeurootol = {Audiol Neurootol}}
@string{AudNeurosci     = {Aud Neurosci}}
@string{audneuro        = {Aud Neurosci}}
@string{BehavBrainRes   = {Behav Brain Res}}
@string{BehavBrainSci   = {Behav Brain Sci}}
@string{bbs             = {Behav Brain Sci}}
@string{BehavNeurosci   = {Behav Neurosci}}
@string{BiolCybern      = {Biol Cybern}}
@string{bc      	= {Biol Cybern}}
@string{BiophysJ        = {Biophys J}}
@string{bj              = {Biophys J}}
@string{BrainRes        = {Brain Res}}
@string{br              = {Brain Res}}
@string{BrainResBull        = {Brain Res Bull}}
@string{BrainResDevBrainRes = {Brain Res Dev Brain Res}}
@string{BrainResBrainResRev = {Brain Res Rev}}
@string{BrainResRev     = {Brain Res Rev}}
@string{brrev           = {Brain Res Rev}}
@string{CanJPhysiolPharmacol = {Can J Physiol Pharmacol}}
@string{cjpp            = {Can J Physiol Pharmacol}}
@string{CerebCortex     = {Cereb Cortex}}
@string{CognitPsychol   = {Cognit Psychol}}
@String{ComputIntellNeurosci = {Comput Intell Neurosci}}
@string{ComputStatDataAnal = {Comput Stat Data Anal}}
@string{CurrBiol        = {Curr Biol}}
@string{CurrOpinNeurobiol={Curr Opin Neurobiol}}
@String{eLife		= {eLife}}
@string{EurJNeurosci    = {Eur J Neurosci}}
@string{ejn             = {Eur J Neurosci}}
@string{ExpBrainRes     = {Exp Brain Res}}
@string{ebr             = {Exp Brain Res}}
@string{ExpNeurol       = {Exp Neurol}}
@String{FrontNeurosci   = {Front Neurosci}}
@String{FrontComputNeurosci = {Front Comput Neurosci}}
@String{FrontSystNeurosci = {Front Syst Neurosci}}
@string{HearRes         = {Hear Res}}

@string{IEEE/ACMTransComputBiolBioinform= {IEEE/ACM Trans Comput Biol Bioinfor}}
@string{IEEETransAcoust = {IEEE Trans Acoust}}
@string{IEEETransAudioSpeechLangProcess= {IEEE Trans Audio Speech Lang Process}}
@string{taslp           = {IEEE Trans Audio Speech Lang Process}}
@string{IEEETransAutomSciEng= {IEEE Trans Autom Sci Eng}}
@string{IEEETransAutomatContr = {IEEE Trans Automat Contr}}
@string{IEEETransAutonMentDev = {IEEE Trans Auton Ment Dev}}
@string{IEEETransBiomedCircuitsSyst= {IEEE Trans Biomed Circuits Sys}}
@string{IEEETransBiomedEng = {IEEE Trans Biomed Eng}}
@string{tbme            = {IEEE Trans Biomed Eng}}
@string{IEEETransControlSystTechnol = {IEEE Trans Control Syst Technol}}
@string{IEEETransHaptics= {IEEE Trans Haptics}}
@string{IEEETransImageProcess = {IEEE Trans Image Process}}
@string{IEEETransInfTechnolBiomed = {IEEE Trans Inf Technol Biomed}}
@string{IEEETransInfTheory = {IEEE Trans Inf Theory}}
@string{IEEETransMedImaging = {IEEE Trans Med Imaging}}
@string{IEEETransNanobioscience = {IEEE Trans Nanobioscience}}
@string{IEEETransNanotechnol = {IEEE Trans Nanotechnol}}
@string{IEEETransNeuralNetw = {IEEE Trans Neural Netw}}
@string{IEEETransNeuralSystRehabilEng = {IEEE Trans Neural Syst Rehabil Eng}}
@string{IEEETransPatternAnalMachIntell = {IEEE Trans Pattern Anal Mach Intell}}
@string{IEEETransRehabilEng = {IEEE Trans Rehabil Eng}}
@string{IEEETransRobAutom = {IEEE Trans Rob Autom}}
@string{IEEETransRobot  = {IEEE Trans Robot}}
@string{IEEETransSignalProcess = {IEEE Trans Signal Process}}
@string{IEEETransSpeechAudioProcess = {IEEE Trans Speech Audio Process}}

@string{iPercept        = {i-Perception}}
@string{IntJModPhysC    = {Int J Mod Phys C}}
@string{InvestOphthalmolVisSci = {Invest Ophthalmol Vis Sci}}
@string{iovs            = {Invest Ophthalmol Vis Sci}}
@string{JAmStatAssoc    = {J Am Stat Assoc}}
@string{JApplPhysiol    = {J Appl Physiol}}
@string{jap             = {J Appl Physiol}}
@string{JAssocResOtolaryngol = {J Assoc Res Otolaryngol}}
@string{JAcoustSocAm    = {J Acoust Soc Am}}
@string{JapanJPhysiol   = {Japan J Physiol}}
@string{JComputNeurosci = {J Comput Neurosci}}
@string{jcns            = {J Comput Neurosci}}
@string{JCompNeurol     = {J Comp Neurol}}
@string{JCompPhysiol    = {J Comp Physiol}}
@string{JCompPhysiolA   = {J Comp Physiol A}}
@string{JExpAnalBehav   = {J Exp Anal Behav}}
@string{JExpBiol        = {J Exp Biol}}
@string{jep 		= {J Exp Psychol}}
@string{JExpPsychol	= {J Exp Psychol}}
@string{jephpp 		= {J Exp Psychol Hum Percept Perform}}
@string{JExpPsycholHumPerceptPerform = {J Exp Psychol Hum Percept Perform}}
@string{jmlr            = {J Mach Learning Res}}
@string{JMachLearningRes = {J Mach Learning Res}}
@string{jn       	= {J Neurosci}}
@string{JNeurosci       = {J Neurosci}}
@string{jnm             = {J Neurosci Methods}}
@string{JNeurosciMethods = {J Neurosci Methods}}
@string{jnp   		= {J Neurophysiol}}
@string{JNeurophysiol   = {J Neurophysiol}}
@string{JOptSocAm       = {J Opt Soc Am}}
@string{JOptSocAmA      = {J Opt Soc Am A}}
@string{JOptSocAmAOptImageSciVis = {J Opt Soc Am A Opt Image Sci Vis}}
@string{jphysiol        = {J Physiol}}
@string{JPhysiol        = {J Physiol}}
@string{JPhysiolLond    = {J Physiol (Lond.)}}
@string{jrssb           = {J R Stat Soc Ser B}}
@string{JVis            = {J Vis}}
@string{MachLearning    = {Mach Learning}}
@string{MachineLearning = {Mach Learning}}
@string{MolNeurobiol    = {Mol Neurobiol}}
@string{Nature          = {Nature}}
@string{nat             = {Nature}}
@string{NatCommun       = {Nat Commun}}
@string{NatMethods      = {Nat Methods}}
@string{NatNeurosci     = {Nat Neurosci}}
@string{nn              = {Nat Neurosci}}
@string{NatRevNeurosci  = {Nat Rev Neurosci}}
@string{NeurobiolLearnMem = {Neurobiol Learn Mem}}
@string{Neuron          = {Neuron}}
@string{Neuroscience    = {Neuroscience}}
@String{NeurosciLett = {Neurosci Lett}}
@string{nips            = {Adv Neural Info Processing Sys}}
@string{network         = {Network}}
@string{ncns            = {Network}}
@string{nc              = {Neural Comput}}
@string{NeuralComput    = {Neural Comput}}
@string{Neurocomput     = {Neurocomput}}
@string{neuroc          = {Neurocomput}}
@string{NeuralNetw      = {Neural Netw}}
@string{nnw      	= {Neural Netw}}
@string{Neuroreport    	= {Neuroreport}}
@String{PerceptPsychophys = {Percept Psychophys}}
@String{PhilosTransRSocLondBBiolSci = {Philos Trans R Soc Lond B Biol Sci}}
@String{PLoSBiol        = {PLoS Biol}}
@String{PLoSComputBiol  = {PLoS Comput Biol}}
@String{PLoSOne         = {PLoS ONE}}
@String{ProbabilistEngMech = {Probabilist Eng Mech}}
@string{procbiolsci     = {Proc Biol Sci}}
@string{ProcIEEE        = {Proc IEEE}}
@string{pieee           = {Proc IEEE}}
@string{ProcNatlAcadSciUSA = {Proc Natl Acad Sci USA}}
@string{pnas            = {Proc Natl Acad Sci USA}}
@String{ProcRSocLondBBiolSci = {Proc R Soc Lond B Biol Sci}}
@string{ProgBrainRes    = {Prog Brain Res}}
@String{ProgNeurobiol   = {Prog Neurobiol}}
@string{PhysRevLett     = {Phys Rev Lett}}
@string{prl             = {Phys Rev Lett}}
@String{PhysRevE 	= {Phys Rev E}}
@string{PsycholRev      = {Psychol Rev}}
@string{QJExpPsycholA   = {Q J Exp Psychol A}} 
@string{QJExpPsycholB   = {Q J Exp Psychol B}} 
@string{QRevBiophys     = {Q Rev Biophys}}
@string{RevModPhys      = {Rev Mod Phys}}
@string{sci             = {Science}}
@string{Science         = {Science}}
@string{SocNeurosciAbs  = {Soc Neuroci Abs}}
@string{sfn             = {Soc Neuroci Abs}}
@string{SpatVis         = {Spat Vis}}
@string{StatComput      = {Stat Comput}}
@string{TrendsNeurosci  = {Trends Neurosci}}
@string{tins            = {Trends Neurosci}}
@string{VisionRes       = {Vision Res}}
@string{vr              = {Vision Res}}
