
@book{andersonAndMoore12,
  title={Optimal filtering},
  author={Anderson, Brian DO and Moore, John B},
  year={2012},
  publisher={Courier Corporation}
}

@inproceedings{buesingEtAl12,
  title={Spectral learning of linear dynamics from generalised-linear observations with application to neural population data},
  author={Buesing, Lars and Macke, Jakob H and Sahani, Meneesh},
  booktitle={Advances in Neural Information Processing Systems 25: 26th Conference on Neural Information Processing Systems (NIPS 2012)},
  pages={1691--1699},
  year={2012}
}

@inbook{mackeEtAl15, 
    place={Cambridge},
    title={Estimating state and parameters in state space models of spike trains},
    DOI={10.1017/CBO9781139941433.007},
    booktitle={Advanced State Space Methods for Neural and Clinical Data},
    publisher={Cambridge University Press},
    author={Macke, J. H. and Buesing, L. and Sahani, M.},
    editor={Chen, ZheEditor},
    year={2015},
    pages={137â€“159}
}

