@article{baker16,
  title={Reproducibility crisis},
  author={Baker, Monya},
  journal={Nature},
  volume={533},
  number={26},
  pages={353--66},
  year={2016}
}

@article{ioannidis05,
  title={Contradicted and initially stronger effects in highly cited clinical research},
  author={Ioannidis, John PA},
  journal={Jama},
  volume={294},
  number={2},
  pages={218--228},
  year={2005},
  publisher={American Medical Association}
}

@article{fishEtAl16,
  title={Observing—and imaging—active galactic nuclei with the Event Horizon Telescope},
  author={Fish, Vincent L and Akiyama, Kazunori and Bouman, Katherine L and Chael, Andrew A and Johnson, Michael D and Doeleman, Sheperd S and Blackburn, Lindy and Wardle, John FC and Freeman, William T and Event Horizon Telescope Collaboration and others},
  journal={Galaxies},
  volume={4},
  number={4},
  pages={54},
  year={2016},
  publisher={Multidisciplinary Digital Publishing Institute}
}
