
@inproceedings{khanEtAl13,
  title={Fast dual variational inference for non-conjugate latent gaussian models},
  author={Khan, Mohammad Emtiyaz and Aravkin, Aleksandr and Friedlander, Michael and Seeger, Matthias},
  booktitle={International Conference on Machine Learning},
  pages={951--959},
  year={2013},
  organization={PMLR}
}

@article{yuEtAl09,
  title={Gaussian-process factor analysis for low-dimensional single-trial analysis of neural population activity},
  author={Yu, Byron M and Cunningham, John P and Santhanam, Gopal and Ryu, Stephen I and Shenoy, Krishna V and Sahani, Maneesh},
  journal={Journal of neurophysiology},
  volume={102},
  number={1},
  pages={614--635},
  year={2009},
  publisher={American Physiological Society}
}

@article{zhaoAndPark17,
  title={Variational latent gaussian process for recovering single-trial dynamics from population spike trains},
  author={Zhao, Yuan and Park, Il Memming},
  journal={Neural computation},
  volume={29},
  number={5},
  pages={1293--1316},
  year={2017},
  publisher={MIT Press}
}

@inproceedings{titsias09,
  title={Variational learning of inducing variables in sparse Gaussian processes},
  author={Titsias, Michalis},
  booktitle={Artificial intelligence and statistics},
  pages={567--574},
  year={2009},
  organization={PMLR}
}

@inproceedings{titsiasAndLawrence10,
  title={Bayesian Gaussian process latent variable model},
  author={Titsias, Michalis and Lawrence, Neil D},
  booktitle={Proceedings of the Thirteenth International Conference on Artificial Intelligence and Statistics},
  pages={844--851},
  year={2010},
  organization={JMLR Workshop and Conference Proceedings}
}

@inproceedings{dunckerAndSahani18,
  title={Temporal alignment and latent Gaussian process factor inference in population spike trains},
  author={Duncker, Lea and Sahani, Maneesh},
  booktitle={Advances in Neural Information Processing Systems},
  pages={10445--10455},
  year={2018}
}

@misc{dunckerAndSahani18supplementary,
  title={Supplementary material: Temporal alignment and latent Gaussian process factor inference in population spike trains},
  author={Duncker, Lea and Sahani, Maneesh},
  booktitle={Advances in Neural Information Processing Systems},
  pages={1--4},
  year={2018},
}
