@article{wiltschkoEtAl15,
  title={Mapping sub-second structure in mouse behavior},
  author={Wiltschko, Alexander B and Johnson, Matthew J and Iurilli, Giuliano and Peterson, Ralph E and Katon, Jesse M and Pashkovski, Stan L and Abraira, Victoria E and Adams, Ryan P and Datta, Sandeep Robert},
  journal={Neuron},
  volume={88},
  number={6},
  pages={1121--1135},
  year={2015},
  publisher={Elsevier}
}

@article{mathisEtAl18,
  title={DeepLabCut: markerless pose estimation of user-defined body parts with deep learning},
  author={Mathis, Alexander and Mamidanna, Pranav and Cury, Kevin M and Abe, Taiga and Murthy, Venkatesh N and Mathis, Mackenzie Weygandt and Bethge, Matthias},
  journal={Nature neuroscience},
  volume={21},
  number={9},
  pages={1281--1289},
  year={2018},
  publisher={Nature Publishing Group}
}

@article{wuEtAl20,
  title={Deep Graph Pose: a semi-supervised deep graphical model for improved animal pose tracking},
  author={Wu, Anqi and Buchanan, E Kelly and Whiteway, Matthew and Schartner, Michael and Meijer, Guido and Noel, Jean-Paul and Rodriguez, Erica and Everett, Claire and Norovich, Amy and Schaffer, Evan and others},
  journal={bioRxiv},
  year={2020},
  publisher={Cold Spring Harbor Laboratory}
}

@article{battyEtAl19,
  title={BehaveNet: nonlinear embedding and Bayesian neural decoding of behavioral videos},
  author={Batty, Eleanor and Whiteway, Matthew and Saxena, Shreya and Biderman, Dan and Abe, Taiga and Musall, Simon and Gillis, Winthrop and Markowitz, Jeffrey and Churchland, Anne and Cunningham, John and Datta, Sandeep Robert and Linderman, Scott W. and Paninski, Liam},
  year={2019}
}

@article{whitewayEtAl21,
  title={Partitioning variability in animal behavioral videos using semi-supervised variational autoencoders},
  author={Whiteway, Matthew R and Biderman, Dan and Friedman, Yoni and Dipoppa, Mario and Buchanan, E Kelly and Wu, Anqi and Zhou, John and Noel, Jean-Paul R and Cunningham, John P and Paninski, Liam and others},
  journal={bioRxiv},
  year={2021},
  publisher={Cold Spring Harbor Laboratory}
}
