@article{todorovaEtAl14,
  title={To sort or not to sort: the impact of spike-sorting on neural decoding performance},
  author={Todorova, Sonia and Sadtler, Patrick and Batista, Aaron and Chase, Steven and Ventura, Val{\'e}rie},
  journal={Journal of neural engineering},
  volume={11},
  number={5},
  pages={056005},
  year={2014},
  publisher={IOP Publishing}
}

@article{trautmannEtAl19,
  title={Accurate estimation of neural population dynamics without spike sorting},
  author={Trautmann, Eric M and Stavisky, Sergey D and Lahiri, Subhaneil and Ames, Katherine C and Kaufman, Matthew T and Oâ€™Shea, Daniel J and Vyas, Saurabh and Sun, Xulu and Ryu, Stephen I and Ganguli, Surya and others},
  journal={Neuron},
  volume={103},
  number={2},
  pages={292--308},
  year={2019},
  publisher={Elsevier}
}

@article{pachitariuEtAl16,
  title={Kilosort: realtime spike-sorting for extracellular electrophysiology with hundreds of channels},
  author={Pachitariu, Marius and Steinmetz, Nicholas and Kadir, Shabnam and Carandini, Matteo and others},
  journal={BioRxiv},
  pages={061481},
  year={2016},
  publisher={Cold Spring Harbor Laboratory}
}

@article{chungEtAl17,
  title={A fully automated approach to spike sorting},
  author={Chung, Jason E and Magland, Jeremy F and Barnett, Alex H and Tolosa, Vanessa M and Tooker, Angela C and Lee, Kye Y and Shah, Kedar G and Felix, Sarah H and Frank, Loren M and Greengard, Leslie F},
  journal={Neuron},
  volume={95},
  number={6},
  pages={1381--1394},
  year={2017},
  publisher={Elsevier}
}
